@misc{wiki,
author = {Wikipedia},
title = {{FitzHugh-Nagumo} model},
howpublished={\url{https://en.wikipedia.org/wiki/FitzHugh%E2%80%93Nagumo_model}}
}